% Libros de Blockchain

@misc{bashir2017mastering,
  title={Mastering Blockchain: Distributed ledgers, decentralization and smart contracts explained},
  author={Bashir, Imran},
  year={2017},
  publisher={Packt Publishing}
}

@book{pastor1998criptografia,
  title={Criptograf{\'\i}a digital: fundamentos y aplicaciones},
  author={Pastor, Jos{\'e} and L{\'o}pez, Miguel {\'A}ngel Sarasa},
  year={1998},
  publisher={Publicaciones Universitarias Universidad de Zaragoza}
}

% Articulos y publicaciones

@article{swanson2015consensus,
  title={Consensus-as-a-service: a brief report on the emergence of permissioned, distributed ledger systems},
  author={Swanson, Tim},
  journal={Report, available online, Apr},
  year={2015}
}

@article{lamport2001paxos,
  title={Paxos made simple},
  author={Lamport, Leslie and others},
  journal={ACM Sigact News},
  volume={32},
  number={4},
  pages={18--25},
  year={2001}
}

@article{ongaro2015raft,
  title={The raft consensus algorithm},
  author={Ongaro, Diego and Ousterhout, John},
  year={2015}
}

@article{costan2016intel,
  title={Intel SGX Explained.},
  author={Costan, Victor and Devadas, Srinivas},
  journal={IACR Cryptology ePrint Archive},
  volume={2016},
  pages={86},
  year={2016}
}

@article{nakamoto2008bitcoin,
  title={Bitcoin: A peer-to-peer electronic cash system},
  author={Nakamoto, Satoshi},
  year={2008}
}

@article{lin2015infinite,
  title={Infinite financial intermediation},
  author={Lin, Tom CW},
  journal={Wake Forest L. Rev.},
  volume={50},
  pages={643},
  year={2015},
  publisher={HeinOnline}
}

@article{narayanan2012critical,
  title={A critical look at decentralized personal data architectures},
  author={Narayanan, Arvind and Toubiana, Vincent and Barocas, Solon and Nissenbaum, Helen and Boneh, Dan},
  journal={arXiv preprint arXiv:1202.4503},
  year={2012}
}

@article{staff2016blockchains,
  title={Blockchains: The great chain of being sure about things},
  author={Staff, Economist},
  journal={The Economist. Retrieved},
  volume={18},
  year={2016}
}

@article{neittaanmaki2016blockchain,
  title={Blockchain: the ultimate disruption in the financial system},
  author={Neittaanm{\"a}ki, Pekka and Ogbechie, Anthony},
  journal={Informaatioteknologian tiedekunnan julkaisuja/Jyv{\"a}skyl{\"a}n yliopisto},
  number={2016, 33},
  year={2016},
  publisher={Jyv{\"a}skyl{\"a}n yliopisto}
}

@article{wood2014ethereum,
  title={Ethereum: A secure decentralised generalised transaction ledger},
  author={Wood, Gavin},
  journal={Ethereum project yellow paper},
  volume={151},
  pages={1--32},
  year={2014}
}

@article{buterin2017casper,
  title={Casper the Friendly Finality Gadget},
  author={Buterin, Vitalik and Griffith, Virgil},
  journal={arXiv preprint arXiv:1710.09437},
  year={2017}
}

@inproceedings{androulaki2018hyperledger,
  title={Hyperledger fabric: a distributed operating system for permissioned blockchains},
  author={Androulaki, Elli and Barger, Artem and Bortnikov, Vita and Cachin, Christian and Christidis, Konstantinos and De Caro, Angelo and Enyeart, David and Ferris, Christopher and Laventman, Gennady and Manevich, Yacov and others},
  booktitle={Proceedings of the Thirteenth EuroSys Conference},
  pages={30},
  year={2018},
  organization={ACM}
}

@incollection{dhillon2017hyperledger,
  title={The Hyperledger Project},
  author={Dhillon, Vikram and Metcalf, David and Hooper, Max},
  booktitle={Blockchain Enabled Applications},
  pages={139--149},
  year={2017},
  publisher={Springer}
}
%Paginas Web, Wikis, Academias

@misc{liskacademy:blockchainCryptographyExplained,
  title = {Blockchain Cryptography Explained},
  author = {LiskAcademy},
  url = {https://lisk.io/academy/blockchain-basics/how-does-blockchain-work/blockchain-cryptography-explained},
  note={(Date accessed 05/18)},
}

@misc{stellarProject:stellarBasics,
  title = {Stellar Basics},
  author = {Stellar},
  url = {https://www.stellar.org/how-it-works/stellar-basics},
  note={(Date accessed 05/18)}
}

@misc{wiki:CadenaBloques,
    title = {Cadena de Bloques},
    month = {Abril},
    year = {2018},
    url = {https://es.wikipedia.org/wiki/Cadena_de_bloques}
}

@misc{blockchaintrainingalliance,
    title = {Ethereum vs Hyperledger},
    month = {Abril},
    year = {2018},
    url = {https://blockchaintrainingalliance.com/blogs/news/ethereum-vs-hyperledger}
}

@misc{ibmDevWorks,
    title = {Aspectos b√°sicos de Hyperledger Composer},
    month = {Mayo},
    year = {2018},
    url = {https://www.ibm.com/developerworks/ssa/cloud/library/cl-model-test-your-blockchain-network-with-hyperledger-composer-playground/index.html}
}

@misc{composerPlayground,
    title = {Composer Playground},
    author = {IBM},
    url = {composer-playground.mybluemix.net/}
}

@misc{narayanan2016bitcoin,
  title={Bitcoin and cryptocurrency technologies},
  author={Narayanan, Arvind and Bonneau, Joseph and Felten, Edward and Miller, Andrew and Goldfeder, Steven},
  year={2016},
  publisher={s Princeton University Press}
}

@misc{localFabric,
    title = {Perfeccione y despliegue su red blockchain},
    author = {IBM},
    url = {https://www.ibm.com/developerworks/ssa/cloud/library/cl-refine-deploy-your-blockchain-network-with-hyperledger-composer-playground/index.html}
}

@misc{organizationFabric,
    title = {Despliegue de Hyperledger Fabric en una organizacion},
    author = {IBM},
    url = {https://hyperledger.github.io/composer/latest/tutorials/deploy-to-fabric-single-org}
}

@misc{testingCucumber,
    title = {Testing with Cucumber},
    author = {IBM},
    url = {https://www.ibm.com/support/knowledgecenter/en/SSBLQQ_9.2.0/com.ibm.rational.test.ft.doc/topics/c_rft_cuke_integration.html}
}

@ONLINE{github:usb-library-network,
  title = {{Github repository USB Library Blockchain Network}},
  author={{Alfredo A. Delgado L.}},
  month="Mayo",
  year = {2018},
  url = {https://github.com/aadelop/usb-library-network}
}

